@book{Nocedal2006,
   author = {Jorge Nocedal and Stephen J. Wright},
   doi = {10.1007/978-0-387-40065-5},
   isbn = {978-0-387-30303-1},
   issn = {1431-8598},
   journal = {Numerical Analysis for Engineers},
   month = {9},
   publisher = {Springer New York},
   title = {Numerical Optimization},
   url = {http://link.springer.com/10.1007/978-0-387-40065-5},
   year = {2006},
}
